<collection xmlns="http://www.loc.gov/MARC21/slim">
   <record>
      <leader>02701cam a2200457 i 45 0</leader>
      <controlfield tag="001">6798905</controlfield>
      <controlfield tag="005">20150127131853.0</controlfield>
      <controlfield tag="008">140806s2015    nyua     b    001 0 eng  </controlfield>
      <datafield ind1=" " ind2=" " tag="010">
         <subfield code="a">  2014011175</subfield>
      </datafield>
      <datafield ind1=" " ind2=" " tag="020">
         <subfield code="a">9780195382020 (hardcover : alk. paper)</subfield>
      </datafield>
      <datafield ind1=" " ind2=" " tag="020">
         <subfield code="z">9780199700424 (ebook)</subfield>
      </datafield>
      <datafield ind1=" " ind2=" " tag="035">
         <subfield code="a">ocn902664395</subfield>
      </datafield>
      <datafield ind1=" " ind2=" " tag="040">
         <subfield code="a">DLC</subfield>
         <subfield code="b">eng</subfield>
         <subfield code="c">DLC</subfield>
         <subfield code="e">rda</subfield>
         <subfield code="d">AESJC</subfield>
      </datafield>
      <datafield ind1=" " ind2=" " tag="042">
         <subfield code="a">pcc</subfield>
      </datafield>
      <datafield ind1="0" ind2="0" tag="050">
         <subfield code="a">BT843</subfield>
         <subfield code="b">.P37 2014</subfield>
      </datafield>
      <datafield ind1="0" ind2="0" tag="082">
         <subfield code="a">236/.509</subfield>
         <subfield code="2">23</subfield>
      </datafield>
      <datafield ind1=" " ind2=" " tag="090">
         <subfield code="a">BT 843 P37 2015</subfield>
         <subfield code="b">AENTC</subfield>
      </datafield>
      <datafield ind1=" " ind2=" " tag="090">
         <subfield code="a">BT 843 P37 2015</subfield>
         <subfield code="b">AESJC</subfield>
      </datafield>
      <datafield ind1=" " ind2=" " tag="090">
         <subfield code="a">BT843 .P37 2015</subfield>
         <subfield code="b">AEGMCT</subfield>
      </datafield>
      <datafield ind1="1" ind2=" " tag="100">
         <subfield code="a">Pasulka, Diana Walsh,</subfield>
         <subfield code="e">author.</subfield>
         <subfield code="0">http://id.loc.gov/authorities/names/n2014047415</subfield>
         <subfield code="0">http://viaf.org/viaf/309828532</subfield>
      </datafield>
      <datafield ind1="1" ind2="0" tag="245">
         <subfield code="a">Heaven can wait :</subfield>
         <subfield code="b">Purgatory in Catholic devotional and popular culture /</subfield>
         <subfield code="c">Diana Walsh Pasulka.</subfield>
      </datafield>
      <datafield ind1=" " ind2="1" tag="264">
         <subfield code="a">New York, NY :</subfield>
         <subfield code="b">Oxford University Press,</subfield>
         <subfield code="c">[2015].</subfield>
      </datafield>
      <datafield ind1=" " ind2=" " tag="300">
         <subfield code="a">x, 207 pages :</subfield>
         <subfield code="b">illustrations ;</subfield>
         <subfield code="2">5 cm.</subfield>
      </datafield>
      <datafield ind1=" " ind2=" " tag="336">
         <subfield code="a">text</subfield>
         <subfield code="b">txt</subfield>
         <subfield code="2">rdacontent</subfield>
         <subfield code="0">http://id.loc.gov/vocabulary/contentTypes/txt</subfield>
      </datafield>
      <datafield ind1=" " ind2=" " tag="337">
         <subfield code="a">unmediated</subfield>
         <subfield code="b">n</subfield>
         <subfield code="2">rdamedia</subfield>
         <subfield code="0">http://id.loc.gov/vocabulary/mediaTypes/n</subfield>
      </datafield>
      <datafield ind1=" " ind2=" " tag="338">
         <subfield code="a">volume</subfield>
         <subfield code="b">nc</subfield>
         <subfield code="2">rdacarrier</subfield>
         <subfield code="0">http://id.loc.gov/vocabulary/carriers/nc</subfield>
      </datafield>
      <datafield ind1=" " ind2=" " tag="504">
         <subfield code="a">Includes bibliographical references and index.</subfield>
      </datafield>
      <datafield ind1="0" ind2=" " tag="505">
         <subfield code="a">Introduction: the problem with Purgatory -- When Purgatory was a place on earth: the Purgatory cave on the Red Lake in Ireland -- Lough Derg: "heretical around the edges" moving Purgatory off the earth -- Exile from Ireland: Bishop John England's republican apologetics of Purgatory -- That sensible neighborhood to hell: fiery apologetics: providence and materiality within the periodical (1830-1920) -- The ghosts of Vatican II: Purgatory apostolates and the lexicon of the supernatural.</subfield>
      </datafield>
      <datafield ind1=" " ind2=" " tag="596">
         <subfield code="a">29 32 49</subfield>
      </datafield>
      <datafield ind1="2" ind2="0" tag="610">
         <subfield code="a">Catholic Church</subfield>
         <subfield code="x">Doctrines.</subfield>
         <subfield code="0">http://id.loc.gov/authorities/subjects/sh85021043</subfield>
      </datafield>
      <datafield ind1=" " ind2="0" tag="650">
         <subfield code="a">Purgatory</subfield>
         <subfield code="x">History of doctrines.</subfield>
         <subfield code="0">http://id.loc.gov/authorities/subjects/sh85109183</subfield>
      </datafield>
      <datafield ind1=" " ind2="0" tag="650">
         <subfield code="a">Sacred space.</subfield>
         <subfield code="0">http://id.loc.gov/authorities/subjects/sh88002572</subfield>
      </datafield>
      <datafield ind1=" " ind2="0" tag="650">
         <subfield code="a">Purgatory.</subfield>
         <subfield code="0">http://id.loc.gov/authorities/subjects/sh85109182</subfield>
      </datafield>
      <datafield ind1=" " ind2="0" tag="650">
         <subfield code="a">Popular culture</subfield>
         <subfield code="x">Religious aspects</subfield>
         <subfield code="x">Catholic Church.</subfield>
      </datafield>
      <datafield ind1=" " ind2=" " tag="758">
         <subfield code="0">http://worldcat.org/entity/work/id/1882002821</subfield>
      </datafield>
      <datafield ind1="0" ind2=" " tag="787">
         <subfield code="n">OCLC Work Id</subfield>
         <subfield code="o">http://worldcat.org/entity/work/id/1882002821</subfield>
      </datafield>
      <datafield ind1=" " ind2=" " tag="947">
         <subfield code="b">TPH</subfield>
         <subfield code="f">QGM</subfield>
         <subfield code="h">GMCT-OS-B</subfield>
         <subfield code="p">26.36</subfield>
         <subfield code="q">1</subfield>
         <subfield code="z">9780195382020</subfield>
      </datafield>
      <datafield ind1=" " ind2=" " tag="999">
         <subfield code="h">GMCT-OS-B</subfield>
      </datafield>
      <datafield ind1=" " ind2=" " tag="926">
         <subfield code="a">BT 843 P37 2014</subfield>
         <subfield code="w">LC</subfield>
         <subfield code="c">1</subfield>
         <subfield code="i">0160000520090</subfield>
         <subfield code="d">4/14/2016</subfield>
         <subfield code="e">4/12/2016</subfield>
         <subfield code="l">ON_SHELF</subfield>
         <subfield code="m">UASJC</subfield>
         <subfield code="n">9</subfield>
         <subfield code="r">Y</subfield>
         <subfield code="s">Y</subfield>
         <subfield code="t">BOOK</subfield>
         <subfield code="u">2/5/2015</subfield>
      </datafield>
      <datafield ind1=" " ind2=" " tag="926">
         <subfield code="a">BT 843 P37 2015</subfield>
         <subfield code="w">LC</subfield>
         <subfield code="c">1</subfield>
         <subfield code="i">0163980491548</subfield>
         <subfield code="l">ON_SHELF</subfield>
         <subfield code="m">NEWMAN</subfield>
         <subfield code="r">Y</subfield>
         <subfield code="s">Y</subfield>
         <subfield code="t">BOOK</subfield>
         <subfield code="u">2/24/2015</subfield>
      </datafield>
      <datafield ind1=" " ind2=" " tag="926">
         <subfield code="a">BT843 .P37 2015</subfield>
         <subfield code="w">LC</subfield>
         <subfield code="c">1</subfield>
         <subfield code="i">1007404203</subfield>
         <subfield code="d">3/27/2015</subfield>
         <subfield code="l">ON_SHELF</subfield>
         <subfield code="m">GR_MACEWAN</subfield>
         <subfield code="p">$34.87</subfield>
         <subfield code="r">Y</subfield>
         <subfield code="s">Y</subfield>
         <subfield code="t">BOOK</subfield>
         <subfield code="u">3/23/2015</subfield>
      </datafield>
   </record>
</collection>
